@inproceedings{Guarded,
	author        = "Torben Æ. Mogensen",
	booktitle     = "{Proceedings of the Fourth International Conference on Generative Programming and Component Engineering}",
	doi           = "10.1007/11561347_14",
	pages         = "189--204",
	publisher     = "{Springer International Publishing}",
	series        = "{Lecture Notes in Computer Science}",
	title         = "{Semi-inversion of Guarded Equations}",
	volume        = 3676,
	year          = 2005,
}

@inproceedings{implementation,
    title = "Report on an Implementation of a Semi-Inverter",
    author = "Mogensen, {Torben {\AE}gidius}",
    year = "2005",
    language = "English",
    pages = "54--62",
    booktitle = "Proceedings of the 1st DIKU-IST Joint Workshop on Foundations of Software.",
    publisher = "Museum Tusculanum",
    edition = "05/07",
    note = "null ; Conference date: 29-11-2010",
}

@inproceedings{PEPM-2008-Mogensen,
	author        = "Torben Æ. Mogensen",
	booktitle     = "{Proceedings of the 13th Symposium on Partial Evaluation and Semantics-Based Program Manipulation}",
	doi           = "10.1145/1328408.1328413",
	pages         = "21--29",
	publisher     = "{ACM}",
	title         = "{Semi-inversion of functional parameters}",
	year          = 2008,
}
